@ARTICLE{LIGNELL_2007A,
author = {PD.0. Lignel and J. H. Chen and P. J. Smith and T. Lu and C. K. Law},
title = {The effect of {F}lame structure on soot formation and transport in turbulent nonpremixed flames using direct numerical simulation},
journal = {Combustion and Flame},
year = {2007},
volumn = {151},
page = {2-28}
}

@BOOK {Bockhorn_1994, 
title = {Soot formation in combustion},
publisher = {Springer-Verlag},
year={1994},
author = {H. backhorn},
address = {Heidelberg, Germany}} 